%%%%%%%%%%%%%%%%%%%%%%%%%%%%%%%%Introduction
%paper pippone CMS
@article{Khachatryan:2016hje,
      author         = "The CMS Collaboration",
      title          = "{Search for Resonant Production of High-Mass Photon Pairs
                        in Proton-Proton Collisions at $\sqrt{s}$ = 8 and 13 TeV}",
      collaboration  = "CMS",
      journal        = "Phys. Rev. Lett.",
      volume         = "117",
      year           = "2016",
      number         = "5",
      pages          = "051802",
      doi            = "10.1103/PhysRevLett.117.051802",
      eprint         = "1606.04093",
      archivePrefix  = "arXiv",
      primaryClass   = "hep-ex",
      reportNumber   = "CMS-EXO-16-018, CERN-EP-2016-154",
      SLACcitation   = "%%CITATION = ARXIV:1606.04093;%%"
}
%paper pippone ATLAS
@article{Aaboud:2016tru,
      author         = "The ATLAS Collaboration",
      title          = "{Search for resonances in diphoton events at
                        $\sqrt{s}$ = 13 TeV with the ATLAS detector}",
      collaboration  = "ATLAS",
      journal        = "JHEP",
      volume         = "09",
      year           = "2016",
      pages          = "001",
      doi            = "10.1007/JHEP09(2016)001",
      eprint         = "1606.03833",
      archivePrefix  = "arXiv",
      primaryClass   = "hep-ex",
      reportNumber   = "CERN-EP-2016-120",
      SLACcitation   = "%%CITATION = ARXIV:1606.03833;%%"
}

@Article{CMS-PAS-EXO-15-005,
      AUTHOR      = "{The CMS Collaboration}",
      COLLABORATION = "CMS",
      TITLE       = "{Dielectron resonance search in Run 2 at $\sqrt{s}$ = 13~TeV with 2.6 \fbinv of pp collisions}",
      journal        = "CMS Physics Analysis Summaries",
      volume     = "CMS-PAS-EXO-15-005",
      YEAR        = "2015"
}

@Article{CMS-PAS-EXO-16-031,
      AUTHOR      = "{The CMS Collaboration}",
      COLLABORATION = "CMS",
      TITLE       = "{Search for high-mass resonances in dilepton final state with 2016 data}",
      journal        = "CMS Physics Analysis Summaries",
      volume     = "CMS-PAS-EXO-16-031",
      YEAR        = "2016"
}

%paper fu-pippone CMS
@article{Khachatryan:2016zqb,
      author         = "The CMS Collaboration",
      title          = "{Search for narrow resonances in dilepton mass spectra in
                        proton-proton collisions at $\sqrt{s}$ = 13 TeV and
                        combination with 8 TeV data}",
      collaboration  = "CMS",
      journal        = "Phys. Lett.",
      volume         = "B768",
      year           = "2017",
      pages          = "57-80",
      doi            = "10.1016/j.physletb.2017.02.010",
      eprint         = "1609.05391",
      archivePrefix  = "arXiv",
      primaryClass   = "hep-ex",
      reportNumber   = "CMS-EXO-15-005, CERN-EP-2016-209,
                        FERMILAB-PUB-16-491-CMS",
      SLACcitation   = "%%CITATION = ARXIV:1609.05391;%%"
}

%"PAS" ATLAS fu-pippone

@Article{ATLAS-CONF-2016-059,
      title         = "{Search for scalar diphoton resonances with 15.4 fb$^{-1}$ of data collected at $\sqrt{s}=13$ TeV in 2015 and 2016 with the ATLAS detector}",
      author   = "The ATLAS Collaboration",
journal = "ATLAS Conference Notes",
      volume        = "ATLAS-CONF-2016-059",
      year          = "2016",
}
@Article{CMS-PAS-EXO-15-004,
      AUTHOR      = "{The CMS Collaboration}",
      COLLABORATION = "CMS",
      TITLE       = "{Search for new physics in high mass diphoton events in 2.6 \invfb of proton-proton collisions at $\sqrt{s} = 13$ TeV}",
      journal        = "CMS Physics Analysis Summaries",
      volume     = "CMS-PAS-EXO-15-004",
      YEAR        = "2016"
}

@article{Khachatryan:2016yec,
      author         = "The CMS Collaboration",
      title          = "{Search for high-mass diphoton resonances in
                        proton–proton collisions at 13 TeV and combination with
                        8 TeV search}",
      collaboration  = "CMS",
      journal        = "Phys. Lett.",
      volume         = "B767",
      year           = "2017",
      pages          = "147-170",
      doi            = "10.1016/j.physletb.2017.01.027",
      eprint         = "1609.02507",
      archivePrefix  = "arXiv",
      primaryClass   = "hep-ex",
      reportNumber   = "CMS-EXO-16-027, CERN-EP-2016-216, CMS-EXO-16-02",
      SLACcitation   = "%%CITATION = ARXIV:1609.02507;%%"
}

%%%%%%%%%%%%%%%%%%%%Zprime ATLAS%%%%%%%%%%%%%%%%%%%%%%%%%%%%%%%%%%%%%%%%%%% (end of chapter 6)
@Article{ATLAS-CONF-2015-070,
      title         = "{Search for new phenomena in the dilepton final state using proton-proton collisions at $\sqrt{s}$ = 13 TeV with the ATLAS detector}",
      author   = "The ATLAS Collaboration",
journal = "ATLAS Conference Notes",
      volume        = "ATLAS-CONF-2015-070",
      year          = "2015",
}

@Article{ATLAS-CONF-2016-045,
      title         = "{Search for new high-mass resonances in the dilepton final state using proton-proton collisions at $\sqrt{s}$ = 13 TeV with the ATLAS detector}",
      author   = "The ATLAS Collaboration",
journal = "ATLAS Conference Notes",
      volume        = "ATLAS-CONF-2016-045",
      year          = "2016",
}

@Article{ATLAS-CONF-2017-027,
      title         = "{Search for new high-mass phenomena in the dilepton final state using proton-proton collisions $\sqrt{s}$ = 13 TeV with the ATLAS detector}",
      author   = "The ATLAS Collaboration",
journal = "ATLAS Conference Notes",
      volume        = "ATLAS-CONF-2017-027",
      year          = "2017",
}

@article{Aaboud:2016cth,
      author         = "The ATLAS Collaboration",
      title          = "{Search for high-mass new phenomena in the dilepton final
                        state using proton-proton collisions at $\sqrt{s}=13$ TeV
                        with the ATLAS detector}",
      collaboration  = "ATLAS",
      journal        = "Phys. Lett.",
      volume         = "B761",
      year           = "2016",
      pages          = "372-392",
      doi            = "10.1016/j.physletb.2016.08.055",
      eprint         = "1607.03669",
      archivePrefix  = "arXiv",
      primaryClass   = "hep-ex",
      reportNumber   = "CERN-EP-2016-116",
      SLACcitation   = "%%CITATION = ARXIV:1607.03669;%%"
}

%%%%%%%%%%%%%%%%%%%%%%%%%%%%%%%%%%Cap. 1
%PDG:
@article{Olive:2016xmw,
      author         = "Particle Data Group", 
      title          = "{Review of Particle Physics}",
      collaboration  = "Particle Data Group",
      journal        = "Chin. Phys.",
      volume         = "C40",
      year           = "2016",
      number         = "10",
      pages          = "100001",
      doi            = "10.1088/1674-1137/40/10/100001",
      SLACcitation   = "%%CITATION = CHPHD,C40,100001;%%"
}
@article{Engl_Brout,
      author         = "F. Englert and R. Brout",
      title          = "{Broken Symmetry and the Mass of Gauge Vector Mesons}",
      journal        = "Phys. Rev. Lett.",
      year           = "1964",
      pages          = "321-323",
      doi            = "10.1103/PhysRevLett.13.321"
}

@article{Higgs_paper,
      author         = "P. W. Higgs",
      title          = "{Broken symmetries, massless particles and gauge fields}",
      journal        = "Phys. Rev. Lett.",
      year           = "1964",
      pages          = "132-133",
      doi            = "10.1016/0031-9163(64)91136-9"
}
@article{Aad:2012tfa,
      author         = "The ATLAS Collaboration",
      title          = "{Observation of a new particle in the search for the
                        Standard Model Higgs boson with the ATLAS detector at the
                        LHC}",
      collaboration  = "ATLAS",
      journal        = "Phys. Lett.",
      volume         = "B716",
      year           = "2012",
      pages          = "1-29",
      doi            = "10.1016/j.physletb.2012.08.020",
      eprint         = "1207.7214",
      archivePrefix  = "arXiv",
      primaryClass   = "hep-ex",
      reportNumber   = "CERN-PH-EP-2012-218",
      SLACcitation   = "%%CITATION = ARXIV:1207.7214;%%"
}

@article{Chatrchyan:2012xdj,
      author         = "The CMS Collaboration",
      title          = "{Observation of a new boson at a mass of 125 GeV with the
                        CMS experiment at the LHC}",
      collaboration  = "CMS",
      journal        = "Phys. Lett.",
      volume         = "B716",
      year           = "2012",
      pages          = "30-61",
      doi            = "10.1016/j.physletb.2012.08.021",
      eprint         = "1207.7235",
      archivePrefix  = "arXiv",
      primaryClass   = "hep-ex",
      reportNumber   = "CMS-HIG-12-028, CERN-PH-EP-2012-220",
      SLACcitation   = "%%CITATION = ARXIV:1207.7235;%%"
}

@article{halzen_martin,
      author         = "Halzen and Martin", 
      title          = "{Quarks and Leptons}",
      volume         = "John Wiley and Sons",
      year           = "1984",
}
@article{PhysRevB.39.6425,
  title = {Cooper-pair mass},
  author = {Cabrera, B. and Peskin, M. E.},
  journal = {Phys. Rev. B},
  volume = {39},
  issue = {10},
  pages = {6425--6430},
  numpages = {0},
  year = {1989},
  month = {Apr},
  publisher = {American Physical Society},
  doi = {10.1103/PhysRevB.39.6425},
  url = {https://link.aps.org/doi/10.1103/PhysRevB.39.6425}
}

@article{Guralnik:2011zz,
      author         = "Guralnik, Gerald S.",
      title          = "{Gauge Invariance and the Goldstone Theorem}",
      journal        = "Mod. Phys. Lett.",
      volume         = "A26",
      year           = "2011",
      pages          = "1381-1392",
      doi            = "10.1142/S0217732311036188",
      eprint         = "1107.4592",
      archivePrefix  = "arXiv",
      primaryClass   = "hep-th",
      reportNumber   = "BROWN-HET-1610",
      SLACcitation   = "%%CITATION = ARXIV:1107.4592;%%"
}

@article{renorm_paper,
      author         = "Gerard ’t Hooft and M.J.G. Veltman",
      title          = "{Regularization and Renormalization of
Gauge Fields}",
      journal        = "Nucl.Phys",
      year           = "1972",
      pages          = "B44:189-213",
      doi            = "10.1016/0550-3213(72)90279-9"
}
@article{const_running,
      author         = "M. Peskin",
      title          = "{Beyond the Standard Model}",
      journal        = "Lectures notes of the 1996 European
School of High-Energy Physics",
      year           = "Carry-le-Rouet, France, 1996",
}
@article{asympt_freedom,
      author         = "David J. Gross and Frank Wilczek",
      title          = "{Ultraviolet Behavior of Nonabelian Gauge
Theories}",
      journal        = "Phys. Rev. Lett.",
      year           = "1973",
      pages          = "30:1343–1346",
      doi            = "10.1103/PhysRevLett.30.1343"
}

@article{asympt_freedom2,
      author         = "H. David Politzer",
      title          = "{Reliable Perturbative Results for Strong Interactions?}",
      journal        = "Phys. Rev. Lett.",
      year           = "1973",
      pages          = "30:1346–1349",
      doi            = "10.1103/PhysRevLett.30.1346"
}

@article{Afb_paper,
      author         = "Rosner, Jonathan L.",
      title          = "{Forward - backward asymmetries in hadronically produced
                        lepton pairs}",
      journal        = "Phys. Rev.",
      volume         = "D54",
      year           = "1996",
      pages          = "1078-1082",
      doi            = "10.1103/PhysRevD.54.1078",
      eprint         = "hep-ph/9512299",
      archivePrefix  = "arXiv",
      primaryClass   = "hep-ph",
      reportNumber   = "FERMILAB-PUB-95-394-T, EFI-95-75",
      SLACcitation   = "%%CITATION = HEP-PH/9512299;%%"
}
%%%%%%%%%%%%%%%%%%%%%%%%%%%%CAPITOLO 2
@article{Rubin:1970zza,
      author         = "Rubin, Vera C. and Ford, Jr., W. Kent",
      title          = "{Rotation of the Andromeda Nebula from a Spectroscopic
                        Survey of Emission Regions}",
      journal        = "Astrophys. J.",
      volume         = "159",
      year           = "1970",
      pages          = "379-403",
      doi            = "10.1086/150317",
      SLACcitation   = "%%CITATION = ASJOA,159,379;%%"
}
@article{Freese:2008cz,
      author         = "Freese, Katherine",
      title          = "{Review of Observational Evidence for Dark Matter in the
                        Universe and in upcoming searches for Dark Stars}",
      booktitle      = "{Proceedings, Dark Energy and Dark Matter: Observations
                        Experiments and Theories: Lyon, France, July 7-11, 2008}",
      journal        = "EAS Publ. Ser.",
      volume         = "36",
      year           = "2009",
      pages          = "113-126",
      doi            = "10.1051/eas/0936016",
      eprint         = "0812.4005",
      archivePrefix  = "arXiv",
      primaryClass   = "astro-ph",
      SLACcitation   = "%%CITATION = ARXIV:0812.4005;%%"
}
@article{Fukuda:1998mi,
      author         = "Fukuda, Y. and others",
      title          = "{Evidence for oscillation of atmospheric neutrinos}",
      collaboration  = "Super-Kamiokande",
      journal        = "Phys. Rev. Lett.",
      volume         = "81",
      year           = "1998",
      pages          = "1562-1567",
      doi            = "10.1103/PhysRevLett.81.1562",
      eprint         = "9807003",
      archivePrefix  = "arXiv",
      primaryClass   = "hep-ex",
      reportNumber   = "BU-98-17, ICRR-REPORT-422-98-18, UCI-98-8,
                        KEK-PREPRINT-98-95, LSU-HEPA-5-98, UMD-98-003, SBHEP-98-5,
                        TKU-PAP-98-06, TIT-HPE-98-09",
      SLACcitation   = "%%CITATION = 9807003;%%"
}
@article{Abe:2011fz,
      author         = "Abe, Y. and others",
      title          = "{Indication for the disappearance of reactor electron
                        antineutrinos in the Double Chooz experiment}",
      collaboration  = "Double Chooz",
      journal        = "Phys. Rev. Lett.",
      volume         = "108",
      year           = "2012",
      pages          = "131801",
      doi            = "10.1103/PhysRevLett.108.131801",
      eprint         = "1112.6353",
      archivePrefix  = "arXiv",
      primaryClass   = "hep-ex",
      SLACcitation   = "%%CITATION = ARXIV:1112.6353;%%"
}

@article{Martin:1997ns,
      author         = "Martin, Stephen P.",
      title          = "{A Supersymmetry primer}",
      year           = "1997",
      journal           = "Adv. Ser. Direct. High Energy Phys.18,1",
      doi            = "10.1142/9789812839657_0001, 10.1142/9789814307505_0001",
      eprint         = "hep-ph/9709356",
      archivePrefix  = "arXiv",
      primaryClass   = "hep-ph",
      reportNumber   = "FERMILAB-PUB-97-425-T",
      SLACcitation   = "%%CITATION = HEP-PH/9709356;%%"
}
@article{Riess:1998cb,
      author         = "Riess, Adam G. and others",
      title          = "{Observational evidence from supernovae for an
                        accelerating universe and a cosmological constant}",
      collaboration  = "Supernova Search Team",
      journal        = "Astron. J.",
      volume         = "116",
      year           = "1998",
      pages          = "1009-1038",
      doi            = "10.1086/300499",
      eprint         = "astro-ph/9805201",
      archivePrefix  = "arXiv",
      primaryClass   = "astro-ph",
      SLACcitation   = "%%CITATION = ASTRO-PH/9805201;%%"
}
@article{Perlmutter:1998np,
      author         = "Perlmutter, S. and others",
      title          = "{Measurements of Omega and Lambda from 42 high redshift
                        supernovae}",
      collaboration  = "Supernova Cosmology Project",
      journal        = "Astrophys. J.",
      volume         = "517",
      year           = "1999",
      pages          = "565-586",
      doi            = "10.1086/307221",
      eprint         = "astro-ph/9812133",
      archivePrefix  = "arXiv",
      primaryClass   = "astro-ph",
      reportNumber   = "LBNL-41801, LBL-41801",
      SLACcitation   = "%%CITATION = ASTRO-PH/9812133;%%"
}
%Higgs mass measurement
@article{higgs_mass,
      author         = "The CMS and ATLAS Collobarations",
      title          = "{Measurements of the Higgs boson production and decay
                        rates and constraints on its couplings from a combined
                        ATLAS and CMS analysis of the LHC pp collision data at $
                        \sqrt{s}=7 $ and 8 TeV}",
      collaboration  = "ATLAS, CMS",
      journal        = "JHEP",
      volume         = "08",
      year           = "2016",
      pages          = "045",
      doi            = "10.1007/JHEP08(2016)045",
      eprint         = "1606.02266",
      archivePrefix  = "arXiv",
      primaryClass   = "hep-ex",
      reportNumber   = "CERN-EP-2016-100, ATLAS-HIGG-2015-07, CMS-HIG-15-002",
      SLACcitation   = "%%CITATION = ARXIV:1606.02266;%%"
}
@article{Barbier,
     author    = "{R. Barbier et al.}",
     title     = "{R-parity violating supersymmetry}",
     journal   = "Phys.Rept.",
     volume    = "420",
     year      = "2005",
     doi = "10.1016/j.physrep.2005.08.006",
      eprint         = "0406039",
      archivePrefix  = "arXiv",
      primaryClass   = "hep-ex",
} 
@Article{Altar:1989,
     author          = "Altarelli, G. and Mele, B. and  Ruiz-Altaba, M.",
     title           = "Searching for new heavy vector bosons in {$\mathrm{p\bar{p}}$} colliders ",
     journal         = "Z. Phys. C",
     volume          = "45",
     year            = "1989",
     pages           = "109",
     doi             = "10.1007/BF01556677"
}
@article{Leike,
     author    = "{A. Leike}",
     title     = "{The Phenomenology of extra neutral gauge bosons}",
     journal   = "Phys.Rept.",
     volume    = "317",
     year      = "1999",
     pages     = 143,
     doi = "10.1016/S0370-1573(98)00133-1"
} 
 @article{Rizzo,
     author    = "{J. L. Hewett and T. G. Rizzo}",
     title     = "{Low-Energy Phenomenology of Superstring Inspired E(6) Models}",
     journal   = "Phys.Rept.",
     volume    = "183",
     year      = "1989",
     pages     = 193,
     doi = "10.1016/0370-1573(89)90071-9"
} 
 @article{Randall,
     author    = "{L. Randall and R. Sundrum}",
     title     = "{An Alternative to compactification}",
     journal   = "Phys. Rev. Lett.",
     volume    = "83",
     year      = "1999",
     pages     = 4690,
     doi = "10.1103/PhysRevLett.83.4690"
} 
@article{Sundrum,
     author    = "{L. Randall and R. Sundrum}",
     title     = "{A Large mass hierarchy from a small extra dimension}",
     journal   = "Phys. Rev. Lett.",
     volume    = "83",
     year      = "1999",
     pages     = 3370,
     doi = "10.1103/PhysRevLett.83.3370"
} 
 @article{Glashow,
     author    = "{H. Georgi and S. Glashow}",
     title     = "{Unity of All Elementary Particle Forces}",
     journal   = "Phys. Rev. Lett.",
     volume    = "32",
     year      = "1974",
     pages     = 438,
     doi = "10.1103/PhysRevLett.32.438"
} 

@article{King:1981ge,
      author         = "King, R. C. and Dehuai, L. and Wybourne, B. G.",
      title          = "{Symmetrized Powers of Rotation Group Representations}",
      journal        = "J. Phys.",
      volume         = "A14",
      year           = "1981",
      pages          = "2509-2538",
      doi            = "10.1088/0305-4470/14/10/009",
      SLACcitation   = "%%CITATION = JPAGA,A14,2509;%%"
}

@article{Witten:1985xc,
      author         = "Witten, Edward",
      title          = "{Symmetry Breaking Patterns in Superstring Models}",
      journal        = "Nucl. Phys.",
      volume         = "B258",
      year           = "1985",
      pages          = "75",
      doi            = "10.1016/0550-3213(85)90603-0",
      reportNumber   = "PRINT-85-0245 (PRINCETON)",
      SLACcitation   = "%%CITATION = NUPHA,B258,75;%%"
}
@Article{arkani98:hlz,
     author          = "Arkani-Hamed, N. and Dimopoulos, S. and Dvali, G.",
     title           = "The hierarchy problem and new dimensions at a millimeter",
     pages           = "263",
     journal         = "Phys. Lett. B",
     volume          = "429",
     year            = "1998",
     eprint          = "9803315",
     archivePrefix   = "arXiv",
     primaryClass    = "hep-ph",
     doi             = "10.1016/S0370-2693(98)00466-3"
}
@article{Schwarz,
      author         = "Schwarz, John H.",
      title          = "{Introduction to superstring theory}",
      booktitle      = "{Techniques and Concepts of High-Energy Physics:
                        Proceedings, 11th NATO Advanced Study Institute, St.
                        Croix, U.S. Virgin Islands, June 15-26, 2000}",
      journal        = "NATO Sci. Ser. C",
      volume         = "566",
      year           = "2001",
      pages          = "143-187",
      doi            = "10.1007/978-94-010-0522-7_4",
      eprint         = "0008017",
      archivePrefix  = "arXiv",
      primaryClass   = "hep-ex",
      reportNumber   = "CALT-68-2293, CITUSC-00-045",
      SLACcitation   = "%%CITATION = HEP-EX/0008017;%%"
} 
@article{Davoudiasl,
      author         = "Davoudiasl, H. and Hewett, J. L. and Rizzo, T. G.",
      title          = "{Phenomenology of the Randall-Sundrum Gauge Hierarchy
                        Model}",
      journal        = "Phys. Rev. Lett.",
      volume         = "84",
      year           = "2000",
      pages          = "2080",
      doi            = "10.1103/PhysRevLett.84.2080",
}
@article{Aaltonen:2008vx,
      author         = "The CDF Collaboration",
      title          = "{Search for High-Mass $\mathrm{e^{+}e^{-}}$ Resonances in $\mathrm{p\bar{p}}$
                        Collisions at $\sqrt{s}$ = 1.96 TeV}",
      collaboration  = "CDF",
      journal        = "Phys. Rev. Lett.",
      volume         = "102",
      year           = "2009",
      pages          = "031801",
      doi            = "10.1103/PhysRevLett.102.031801",
      eprint         = "0810.2059",
      archivePrefix  = "arXiv",
      primaryClass   = "hep-ex",
      reportNumber   = "FERMILAB-PUB-08-434-E",
      SLACcitation   = "%%CITATION = ARXIV:0810.2059;%%"
}
@article{Abazov:2010ti,
      author         = "The D0 Collaboration",
      title          = "{Search for a heavy neutral gauge boson in the dielectron
                        channel with 5.4 $\mathrm{fb^{-1}}$ of $\mathrm{p\bar{p}}$ collisions at $\sqrt{s}
                        = 1.96$ TeV}",
      collaboration  = "D0",
      journal        = "Phys. Lett.",
      volume         = "B695",
      year           = "2011",
      pages          = "88-94",
      doi            = "10.1016/j.physletb.2010.10.059",
      eprint         = "1008.2023",
      archivePrefix  = "arXiv",
      primaryClass   = "hep-ex",
      reportNumber   = "FERMILAB-PUB-10-300-E",
      SLACcitation   = "%%CITATION = ARXIV:1008.2023;%%"
}

@article{Aaltonen:2010cf,
      author         = "The CDF Collaboration",
      title          = "{Search for Randall-Sundrum gravitons in the diphoton
                        channel at CDF}",
      collaboration  = "CDF",
      journal        = "Phys. Rev. D",
      volume         = "83",
      pages          = "011102",
      doi            = "10.1103/PhysRevD.83.011102",
      year           = "2011",
      eprint         = "1012.2795",
      archivePrefix  = "arXiv",
      primaryClass   = "hep-ex",
      reportNumber   = "FERMILAB-PUB-10-498-E",
      SLACcitation   = "%%CITATION = ARXIV:1012.2795;%%",
}

@article{Aaltonen:2011xp,
      author         = "The CDF Collaboration",
      title          = "{Search for New Dielectron Resonances and Randall-Sundrum
                        Gravitons at the Collider Detector at Fermilab}",
      collaboration  = "CDF",
      journal        = "Phys. Rev. Lett.",
      volume         = "107",
      year           = "2011",
      pages          = "051801",
      doi            = "10.1103/PhysRevLett.107.051801",
      eprint         = "1103.4650",
      archivePrefix  = "arXiv",
      primaryClass   = "hep-ex",
      reportNumber   = "FERMILAB-PUB-11-178-E",
      SLACcitation   = "%%CITATION = ARXIV:1103.4650;%%"
}

@Article{Abazov:2010xh,
     author         = "The CDF Collaboration",
     collaboration  = "CDF",
     title          = "Search for New Dielectron Resonances and {R}andall--{S}undrum Gravitons at the {C}ollider {D}etector at {F}ermilab",
     journal        = "Phys. Rev. Lett.",
     volume         = "107",
     year           = "2011",
     pages          = "051801",
     eprint         = "1103.4650",
     archivePrefix  = "arXiv",
     primaryClass   =  "hep-ex",
     doi            = "10.1103/PhysRevLett.107.051801",
}
 @article{ATLAS_7tev,
     author    = "{The ATLAS Collaboration}",
     title     = "{Search for high-mass resonances decaying to dilepton final states in pp collisions at $\sqrt{s}=$ 7 TeV with the ATLAS detector}",
     journal   = "JHEP 1211",
     volume    = "B429",
     year      = "2012",
     pages     = 138,
     doi = "10.1007/JHEP11(2012)138"
} 
 @article{CMS_7tev,
     author    = "{The CMS Collaboration}",
     title     = "{Search for narrow resonances in dilepton mass spectra in pp collisions at $\sqrt{s}=$ 7 TeV}",
     journal   = "Phys.Lett.",
     volume    = "B714",
     year      = "2012",
     pages     = 158,
     doi = "10.1016/j.physletb.2012.06.051"
} 
 @article{CMS_7and8tev,
     author    = "{The CMS Collaboration}",
     title     = "{Search for heavy narrow dilepton resonances in pp collisions at $\sqrt{s}=$ 7 TeV and $\sqrt{s}=$ 8 TeV}",
     journal   = "Phys.Lett.",
     volume    = "B720",
     year      = "2013",
     pages     = 63,
     doi = "10.1016/j.physletb.2013.02.003"
} 
@article{CMS_8tev,
      author         = "The CMS Collaboration",
      title          = "{Search for physics beyond the standard model in dilepton
                        mass spectra in proton-proton collisions at $ \sqrt{s}=8 $
                        TeV}",
      collaboration  = "CMS",
      journal        = "JHEP",
      volume         = "04",
      year           = "2015",
      pages          = "025",
      doi            = "10.1007/JHEP04(2015)025",
      eprint         = "1412.6302",
      archivePrefix  = "arXiv",
      primaryClass   = "hep-ex",
      reportNumber   = "CMS-EXO-12-061, CERN-PH-EP-2014-272",
      SLACcitation   = "%%CITATION = ARXIV:1412.6302;%%"
}

@article{ATLAS_8tev,
      author         = "The ATLAS Collaboration",
      title          = "{Search for high-mass dilepton resonances in pp
                        collisions at $\sqrt{s}=8$~TeV with the ATLAS
                        detector}",
      collaboration  = "ATLAS",
      journal        = "Phys. Rev. D",
      volume         = "90",
      year           = "2014",
      pages          = "052005",
      doi            = "10.1103/PhysRevD.90.052005",
      eprint         = "1405.4123",
      archivePrefix  = "arXiv",
      primaryClass   = "hep-ex",
      reportNumber   = "CERN-PH-EP-2014-053",
      SLACcitation   = "%%CITATION = ARXIV:1405.4123;%%"
}
 @article{ATLAS_extradim8tev,
     author    = "{The ATLAS Collaboration}",
     title     = "{Search for contact interactions and large extra dimensions in the dilepton channel using proton-proton collisions at  $\sqrt{s}=$ 8 TeV with the ATLAS detector}",
     journal   = "Eur.Phys.J.",
     volume    = "C74",
     year      = "2014",
     pages     = 3134,
     doi = "10.1140/epjc/s10052-014-3134-6"
}
@article{CMS_extradim8tev_ele,
     author    = "{The CMS Collaboration}",
    title     = "{Search for Large Extra Spatial Dimensions in Dielectron Production with the CMS Detector}",
journal ="CMS Physics Analysis Summaries",
volume = "CMS-PAS-EXO-12-031",
year="2012"
} 

@article{CMS_extradim8tev_mu,
     author    = "{The CMS Collaboration}",
     title     = "{Search for Extra Dimensions in Dimuon Events in pp Collisions at $\sqrt{s}=$ 8 TeV}",
journal ="CMS Physics Analysis Summaries",
volume = "CMS-PAS-EXO-12-027",
year="2012"
}
@article{Aad:2012cy,
      author         = "The ATLAS Collaboration",
      title          = "{Search for Extra Dimensions in diphoton events using
                        proton-proton collisions recorded at $\sqrt{s}=7$ TeV with
                        the ATLAS detector at the LHC}",
      collaboration  = "ATLAS",
      journal        = "New J. Phys.",
      volume         = "15",
      year           = "2013",
      pages          = "043007",
      doi            = "10.1088/1367-2630/15/4/043007",
      eprint         = "1210.8389",
      archivePrefix  = "arXiv",
      primaryClass   = "hep-ex",
      reportNumber   = "CERN-PH-EP-2012-289",
      SLACcitation   = "%%CITATION = ARXIV:1210.8389;%%"
}
@article{Chatrchyan:2011fq,
      author         = "The CMS Collaboration",
      title          = "{Search for signatures of extra dimensions in the
                        diphoton mass spectrum at the Large Hadron Collider}",
      collaboration  = "CMS Collaboration",
      journal        = "Phys. Rev. Lett.",
      volume         = "108",
      pages          = "111801",
      doi            = "10.1103/PhysRevLett.108.111801",
      year           = "2012",
      eprint         = "1112.0688",
      archivePrefix  = "arXiv",
      primaryClass   = "hep-ex",
      reportNumber   = "CERN-PH-EP-2011-173, CMS-EXO-11-038",
      SLACcitation   = "%%CITATION = ARXIV:1112.0688;%%",
}

@Article{ATLAS-CONF-2014-031,
      title         = "{Search for scalar diphoton resonances in the mass range
                       65-600 GeV with the ATLAS detector in pp collision data at
                       $\sqrt{s}$ = 8 TeV}",
      author   = "The ATLAS Collaboration",
journal = "ATLAS Conference Notes",
      volume        = "ATLAS-CONF-2014-031",
      year          = "2014",
}
@article{CMS-PAS-HIG-14-006,
      title         = "{Search for an Higgs-like resonance in the diphoton mass
                       spectra above 150 GeV with 8 TeV data}",
      author = "The CMS Collaboration",
journal ="CMS Physics Analysis Summaries",
      volume        = "CMS-PAS-HIG-14-006",
      year          = "2014",
}
@article{CMS_HighMass_8tev,
     author    = "{The CMS Collaboration}",
     title     = "{Search for High-Mass Diphoton Resonances in pp collisions at $\sqrt{s}=$8 TeV with the CMS detector}",
     journal   = "CMS Physics Analysis Summaries",
     volume   = "CMS-PAS-EXO-12-045",
year = "2012"
} 

%%%%%%%%%%CAPITOLO 3
@article{LHC,
     author    = "{ L. Evans and P. Bryant}",
     title     = "{LHC Machine}",
     journal   = "JINST",
     volume    = "3",
     year      = "2008",
     doi = "10.1088/1748-0221/3/08/S08001"
} 
 @article{ATLAS_exp,
     author    = "{The ATLAS Collaboration}",
     title     = "{The ATLAS Experiment at the CERN Large Hadron Collider}",
     journal   = "JINST",
     volume    = "3",
     year      = "2008",
     doi = "10.1088/1748-0221/3/08/S08003"
} 
 @article{CMS_exp,
     author    = "{The CMS Collaboration}",
     title     = "{The CMS experiment at the CERN LHC}",
     journal   = "JINST",
     volume    = "3",
     year      = "2008",
     doi = "10.1088/1748-0221/3/08/S08004"
} 
 @article{ALICE_exp,
     author    = "{The ALICE Collaboration}",
     title     = "{The ALICE experiment at the CERN LHC}",
     journal   = "JINST",
     volume    = "3",
     year      = "2008",
     doi = "10.1088/1748-0221/3/08/S08002"
} 
@article{LHCb_exp,
     author    = "{The LHCb Collaboration}",
     title     = "{The LHCb Detector at the LHC}",
     journal   = "JINST",
     volume    = "3",
     year      = "2008",
     doi = "10.1088/1748-0221/3/08/S08005"
} 
@misc{CMS_lumi,
     author    = "{The CMS Collaboration}",
     title     = "{CMS Luminosity - Public Results}",
     url   = "https://twiki.cern.ch/twiki/bin/view/CMSPublic/LumiPublicResults",
} 
%      note   = "{\\ \resizebox{0.9\textwidth}{!}{http://www.hep.ph.ic.ac.uk/~wstirlin/plots/crosssections2012\_v5.pdf}}",
@misc{cross_sections,
      author          = "{W.J. Stirling}",
title ="Public plots",
      note   = "\\ \tt http://www.hep.ph.ic.ac.uk/wstirlin/plots/crosssections2012\_v5.pdf",
}
@article{Andersson:1983ia,
      author         = "Andersson, Bo and Gustafson, G. and Ingelman, G. and
                        Sjostrand, T.",
      title          = "{Parton Fragmentation and String Dynamics}",
      journal        = "Phys. Rept.",
      volume         = "97",
      year           = "1983",
      pages          = "31-145",
      doi            = "10.1016/0370-1573(83)90080-7",
      reportNumber   = "LU-TP-83-10",
      SLACcitation   = "%%CITATION = PRPLC,97,31;%%"
}
@article{Zhang:2013nwa,
      author         = "The H1 Collaboration", 
      title          = "{Inclusive Deep Inelastic Scattering at High Q2 with
                        Longitudinally Polarised Lepton Beams at HERA}",
      booktitle      = "{Proceedings, 2013 European Physical Society Conference
                        on High Energy Physics (EPS-HEP 2013): Stockholm, Sweden,
                        July 18-24, 2013}",
      collaboration  = "H1",
      journal        = "PoS",
      volume         = "EPS-HEP2013",
      year           = "2013",
      pages          = "474",
      eprint         = "1310.0968",
      archivePrefix  = "arXiv",
      primaryClass   = "hep-ex",
      reportNumber   = "LAL-13-341",
      SLACcitation   = "%%CITATION = ARXIV:1310.0968;%%"
}
@article{Wichmann:2013wfa,
      author         = "The H1 and ZEUS Collaborations",
      title          = "{Deep inelastic scattering at HERA}",
      booktitle      = "{Proceedings, 42nd International Symposium on
                        Multiparticle Dynamics (ISMD 2012): Kielce, Poland,
                        September 17-21, 2012}",
      collaboration  = "ZEUS, H1",
      journal        = "Acta Phys. Polon. Supp.",
      volume         = "6",
      year           = "2013",
      pages          = "709-714",
      doi            = "10.5506/APhysPolBSupp.6.709",
      SLACcitation   = "%%CITATION = APPXA,6,709;%%"
}
@article{Dokshitzer:1977sg,
      author         = "Dokshitzer, Yuri L.",
      title          = "{Calculation of the Structure Functions for Deep
                        Inelastic Scattering and $e^{+}e^{-}$ Annihilation by
                        Perturbation Theory in Quantum Chromodynamics.}",
      journal        = "Sov. Phys. JETP",
      volume         = "46",
      year           = "1977",
      pages          = "641-653",
      note           = ""%[Zh. Eksp. Teor. Fiz.73,1216(1977)]",
      SLACcitation   = "%%CITATION = SPHJA,46,641;%%"
}
@article{Altarelli:1977zs,
      author         = "Altarelli, Guido and Parisi, G.",
      title          = "{Asymptotic Freedom in Parton Language}",
      journal        = "Nucl. Phys.",
      volume         = "B126",
      year           = "1977",
      pages          = "298-318",
      doi            = "10.1016/0550-3213(77)90384-4",
      reportNumber   = "LPTENS-77-6",
      SLACcitation   = "%%CITATION = NUPHA,B126,298;%%"
}
@article{Gribov:1972ri,
      author         = "Gribov, V. N. and Lipatov, L. N.",
      title          = "{Deep inelastic e-p scattering in perturbation theory}",
      journal        = "Sov. J. Nucl. Phys.",
      volume         = "15",
      year           = "1972",
      pages          = "438-450",
      reportNumber   = "IPTI-381-71",
      note           = ""%[Yad. Fiz.15,781(1972)]",
      SLACcitation   = "%%CITATION = SJNCA,15,438;%%"
}

@article{pdf_1,
     author    = "{ H.-L. Lai et al.}",
     title     = "{New parton distributions for collider physics}",
     journal   = "Phys.Rev.",
     volume    = "D82",
     pages = "{074024}",
     year      = "2010",
     doi = "10.1103/PhysRevD.82.074024"
} 

@Article{pdf_2,
      author         = "Jonathan Pumplin and Daniel Robert Stump and Joey Huston and Hung-Liang Lai and Pavel Nadolsky and Wu-Ki Tung",
      title          = "{New generation of parton distributions with
                        uncertainties from global QCD analysis}",
      journal        = "JHEP",
      volume         = "07",
      pages          = "012",
      doi            = "10.1088/1126-6708/2002/07/012",
      year           = "2002",
      eprint         = "0201195",
      archivePrefix  = "arXiv",
      primaryClass   = "hep-ph",
      reportNumber   = "MSU-HEP-011101",
}

 @article{pdf_3,
     author    = "{A. Martin, W. Stirling, R. Thorne, and G. Watt}",
     title     = "{Parton distributions for the LHC}",
     journal   = "Eur.Phys.J.",
     volume    = "C63",
     year      = "2009",
     pages = "189",
     doi = "10.1140/epjc/s10052-009-1072-5"
} 
 @article{pdf_4,
     author    = "{R. D. Ball et al.}",
     title     = "{Parton distributions with LHC data}",
     journal   = "Nucl.Phys.",
     volume    = "B867",
     year      = "2013",
     pages = "244",
     doi = "10.1016/j.nuclphysb.2012.10.003"
} 
@misc{pdf_plotter,
      title          = "{The Durham Hep-Data Project - PDF plotter}",
      url   = "http://hepdata.cedar.ac.uk/pdf/pdf3.html",
}
@article{Collins:1989gx,
      author         = "Collins, John C. and Soper, Davison E. and Sterman,
                        George F.",
      title          = "{Factorization of Hard Processes in QCD}",
      journal        = "Adv. Ser. Direct. High Energy Phys.",
      volume         = "5",
      year           = "1989",
      pages          = "1-91",
      doi            = "10.1142/9789814503266_0001",
      eprint         = "0409313",
      archivePrefix  = "arXiv",
      primaryClass   = "hep-ph",
      reportNumber   = "ITP-SB-89-31",
      SLACcitation   = "%%CITATION = 0409313;%%"
}
@misc{Martin,
      author          = "{W.J. Stirling}",
title ="Public plots",
      url   = "http://www.hep.ph.ic.ac.uk/wstirlin/plots/lumiRatio.pdf",
}

%%%%%%%%%%%%%CAPITOLO 4 (CMS)
@article{tdr2,
  author={The CMS Collaboration},
  title={CMS Physics Technical Design Report, Volume II: Physics Performance},
  journal={Journal of Physics G: Nuclear and Particle Physics},
  volume={34},
  number={6},
  pages={995},
  url={http://stacks.iop.org/0954-3899/34/i=6/a=S01},
  year={2007},
 
}
@article{trktdr,
      author         = "Piasecki, Christian",
      title          = "{Development of the CMS tracker and reconstruction of
                        secondary vertices of b and c hadrons}",
      year           = "2006",
      journal   = "IEKP-KA-2006-7",
      SLACcitation   = "%%CITATION = IEKP-KA-2006-7 ETC.;%%",
}
@BOOK{CMS:ECAL,
      title          = "{The CMS electromagnetic calorimeter project: Technical Design Report}",
      publisher     = "CERN",
      address       = "Geneva",
      author  = "The CMS Collaboration",
      year           = "1997"
}
@article{Annenkov:200230,
title = "Lead tungstate scintillation material ",
journal = "Nuclear Instruments and Methods in Physics Research Section A: Accelerators, Spectrometers, Detectors and Associated Equipment ",
volume = "490",
number = "1–2",
pages = "30 - 50",
year = "2002",
note = "",
issn = "0168-9002",
doi = "10.1016/S0168-9002(02)00916-6",
author = "A.A Annenkov and M.V Korzhik and P Lecoq"
url = "http://www.sciencedirect.com/science/article/pii/S0168900202009166",
}
@BOOK{CMS:1997tfa,
      title          = "{The CMS hadron calorimeter project: Technical Design Report}",
      publisher     = "CERN",
      address       = "Geneva",
      author  = "The CMS Collaboration",
      year           = "1997"
}
@BOOK{muon,
      title         = "{The CMS muon project: Technical Design Report}",
      publisher     = "CERN",
      author = "The CMS Collaboration",
      address       = "Geneva",
      year          = "1997",
}

@article{Raymond:712053,
      author        = "Raymond, M and Crooks, J and French, M and Hall, G",
      title         = "{The MGPA electromagnetic calorimeter readout chip for
                       CMS}",
journal ="9th Workshop on Electronics for LHC Experiments",
      year          = "2003",
doi ="10.5170/CERN-2003-006.83"
}
@techreport{DiMarco:1975982,
      author        = "Di Marco, Emanuele",
      title         = "{CMS electromagnetic calorimeter calibration and timing 
                       performance during LHC Run I and future prospects}",
      institution   = "CERN",
      collaboration = "CMS Collaboration",
      address       = "Geneva",
      number        = "CMS-CR-2014-410",
      month         = "Nov",
      year          = "2014",
      reportNumber  = "CMS-CR-2014-410",
      url           = "https://cds.cern.ch/record/1975982",
}
@article{Adzic:1062402,
      author        = "Adzic, P and Auffray, E",
      title         = "{Reconstruction of the signal amplitude of the CMS
                       electromagnetic calorimeter}",
      journal       = "Eur. Phys. J. C",
      collaboration = "CMS ECAL Collaboration",
      volume        = "46 S1",
      pages         = "23-35",
      year          = "2006",
      url           = "https://cds.cern.ch/record/1062402",
}
@article{Gadomski:232960,
      author        = "Gadomski, S and Hall, G and Høgh, T S and Jalocha, P and
                       Nygård, E and Weilhammer, Peter",
      title         = "{The deconvolution method of fast pulse shaping at hadron
                       colliders}",
      journal       = "Nucl. Instrum. Methods Phys. Res., A",
      number        = "CERN-PPE-92-024",
      volume        = "320",
      pages         = "217-227. 28 p",
      month         = "Jan",
      year          = "1992",
      url           = "https://cds.cern.ch/record/232960",
}

@techreport{nnls,
      author        = "Heath, M T",
      title         = "{Numerical methods for large sparse linear least squares
                       problems}",
      institution   = "Oak Ridge Nat. Lab.",
      address       = "Oak Ridge, TN",
      number        = "ORNL-CSD-114",
      year          = "1983",
      url           = "https://cds.cern.ch/record/144406",
}
@techreport{Chatrchyan:2013dga,
      author        = "The CMS Collaboration",
      title         = "{Energy Calibration and Resolution of the CMS Electromagnetic Calorimeter in pp Collisions at $\sqrt{s}$ = 7 TeV}",
      institution   = "Oak Ridge Nat. Lab.",
      address       = "JINST 8",
      number        = "P09009",
      year          = "2013"
      %url           = "https://cds.cern.ch/record/144406",
}
@article{Zhang:521707,
      author        = "Zhang Liang Ying and Zhu, K J and Zhu, R Y and Liu, D T",
      title         = "{Monitoring light source for CMS lead tungstate crystal
                       calorimeter at LHC}",
      journal       = "IEEE Trans. Nucl. Sci.",
      number        = "3 pt.1",
      volume        = "48",
      pages         = "372-8",
      year          = "2001",
      url           = "https://cds.cern.ch/record/521707",
}
@ARTICLE{track_jinst,
       COLLABORATION = "CMS",
      TITLE       = "Description and performance of track and primary-vertex reconstruction with the {CMS} tracker",
      AUTHOR      = "The CMS Collaboration",
      JOURNAL     = "J. Instrum.",
      VOLUME      = "9",
      PAGES       = "P10009",
      DOI         = "10.1088/1748-0221/9/10/P10009",
      YEAR        = "2014"
}

@article{Hamilton:2016qnl,
      author         = "Hamilton, Franz and Berry, Tyrus and Sauer, Timothy",
      title          = "{Kalman-Takens filtering in the presence of dynamical
                        noise}",
      year           = "2016",
volume="Eur. Phys. J. C",
      eprint         = "1611.05414",
      archivePrefix  = "arXiv",
      primaryClass   = "physics.data-an",
      SLACcitation   = "%%CITATION = ARXIV:1611.05414;%%"
}
@article{Anuar:2015lxt,
      author         = "Anuar, Afiq A.",
      title          = "{Electrons and photons at High Level Trigger in CMS for
                        Run II}",
      booktitle      = "{Proceedings, 21st International Conference on Computing
                        in High Energy and Nuclear Physics (CHEP 2015): Okinawa,
                        Japan, April 13-17, 2015}",
      journal        = "J. Phys. Conf. Ser.",
      volume         = "664",
      year           = "2015",
      number         = "8",
      pages          = "082001",
      doi            = "10.1088/1742-6596/664/8/082001",
      SLACcitation   = "%%CITATION = 00462,664,082001;%%"
}
@article{PhysRevA.87.062107,
  title = {Bethe-Heitler pair production in ultrastrong short laser pulses},
  author = {Krajewska, K. and M\"uller, C. and Kami\ifmmode \acute{n}\else \'{n}\fi{}ski, J. Z.},
  journal = {Phys. Rev. A},
  volume = {87},
  issue = {6},
  pages = {062107},
  numpages = {13},
  year = {2013},
  month = {Jun},
  publisher = {American Physical Society},
  doi = {10.1103/PhysRevA.87.062107},
  url = {https://link.aps.org/doi/10.1103/PhysRevA.87.062107}
}
@Article{Soffi2016,
author="Soffi, Livia",
title="Search for new exotic particles decaying to photons with the CMS experiment at the LHC",
journal="The European Physical Journal Plus",
year="2016",
volume="131",
number="8",
pages="283",
abstract="",
issn="2190-5444",
doi="10.1140/epjp/i2016-16283-3",
url="http://dx.doi.org/10.1140/epjp/i2016-16283-3"
}
 @misc{muon_reco_2,
     author    = "{The CMS Collaboration}",
     title     = "{The CMS Physics Technical Design Report}",
     volume    = "1",
     year      = "2006",
     note = "CERN/LHCC 2006-001, CMS TDR 8.1"
} 
 @article{pf_1,
     author    = "{The CMS Collaboration}",
     title     = "{Particle-Flow event reconstruction in CMS and performance for jets, taus and MET}",
journal="CMS Physics Analysis Summaries",
     volume   = "CMS-PAS-PFT-09-001",
year="2009"
} 
 @article{pf_2,
     author    = "{The CMS Collaboration}",
     title     = "{Commissioning of the particle-flow event reconstruction with leptons from J/$\Psi$ and W decays at 7~TeV }",
journal ="CMS Physics Analysis Summaries",
     volume   = "CMS-PAS-PFT-10-003",
year=2010
} 
@article{tau-lepton,
      author        = "The CMS Collaboration",
      title         = "{Performance of $\tau$-lepton reconstruction and
                       identification in CMS}",
      journal       = "J. Instrum.",
      collaboration = "CMS Collaboration",
      number        = " arXiv:1109.6034. CMS-TAU-11-001. CERN-PH-EP-2011-137",
      volume        = "7",
      pages         = "P01001. 33 p",
      month         = "Sep",
      year          = "2011",
      reportNumber  = " arXiv:1109.6034",
      url           = "https://cds.cern.ch/record/1385560",
}
@article{tau_2,
      author        = "Friis, E K",
      title         = "{Tau reconstruction and identification at the compact muon
                       solenoid}",
      journal       = "Nucl. Phys. B, Proc. Suppl.",
      collaboration = "CMS",
      volume        = "218",
      pages         = "pp. 256-261",
      year          = "2011",
      url           = "https://cds.cern.ch/record/2002999",
}
@article{zprime_tau,
      title         = "{Search for new physics with high-mass tau lepton pairs in
                       pp collisions at $\sqrt{s} = 13$ TeV with the CMS detector}",
author="The CMS Collaboration",
journal="CMS Physics Analysis Summaries",
      volume        = "CMS-PAS-EXO-16-008",
      institution   = "CERN",
      year          = "2016",
      url           = "https://cds.cern.ch/record/2160363",
}
@techreport{jet_cds,
      author        = "Ganguly, Sanmay",
      title         = "{Jet Measurements In CMS}",
      number        = "arXiv:1303.6038",
      month         = "Mar",
      year          = "2013",
      reportNumber  = "arXiv:1303.6038",
      url           = "https://cds.cern.ch/record/1532824",
}
@article{jet_2,
      author        = "The CMS Collaboration",
      title         = "{Determination of Jet Energy Calibration and Transverse
                       Momentum Resolution in CMS}",
      journal       = "J. Instrum.",
      collaboration = "CMS Collaboration",
      number        = "arXiv:1107.4277. CMS-JME-10-011. CERN-PH-EP-2011-102",
      pages         = "P11002. 67 p",
      month         = "Jul",
      year          = "2011",
      reportNumber  = "arXiv:1107.4277",
      url           = "https://cds.cern.ch/record/1369486",
}
@techreport{b_cds,
      author        = "Marchesini, Ivan",
      title         = "{Identification of b-quark Jets in the CMS experiment}",
      institution   = "CERN",
      collaboration = "CMS Collaboration",
      address       = "Geneva",
      number        = "CMS-CR-2013-412",
      month         = "Nov",
      year          = "2013",
      reportNumber  = "CMS-CR-2013-412",
      url           = "https://cds.cern.ch/record/1629516",
}
@article{met_cds,
      author        = "Ghosh, Saranya",
      title         = "{Performance of MET reconstruction and pileup mitigation
                       techniques in CMS}",
      journal       = "Nucl. Part. Phys. Proc.",
      collaboration = "for the CMS collaboration",
      number        = "arXiv:1502.05207",
      volume        = "273-275",
      pages         = "2512-2514. 3 p",
      month         = "Feb",
      year          = "2015",
      reportNumber  = "arXiv:1502.05207",
      url           = "https://cds.cern.ch/record/1992977",
      note          = "Proceedings of the 37th
                       International Conference on High Energy Physics, ICHEP
                       2014",
}
%%%%%%%%%%%%%%%%%%%%%%%%%%%%%%%%%%%%%%%%%%%%%%%%%%%%%ZPRIME CHAPTER
@Article{Nason:2004rx,
     author          = "Nason, Paolo",
     title           = "A new method for combining {NLO} {QCD} with shower {M}onte {C}arlo algorithms",
     journal         = "JHEP",
     volume          = "11",
     year            = "2004",
     pages           = "040",
     eprint          = "0409146",
     archivePrefix   = "arXiv",
     doi             = "10.1088/1126-6708/2004/11/040",
     SLACcitation    = "%%CITATION = 0409146;%%"
}


@Article{Frixione:2007vw,
     author          = "Frixione, Stefano and Nason, Paolo and Oleari, Carlo",
     title           = "Matching {NLO} {QCD} computations with Parton Shower
                        simulations: the {POWHEG} method",
     journal         = "JHEP",
     volume          = "11",
     year            = "2007",
     pages           = "070",
     eprint          = "0709.2092",
     archivePrefix   = "arXiv",
     primaryClass    =  "hep-ph",
     doi             = "10.1088/1126-6708/2007/11/070",
     SLACcitation    = "%%CITATION = 0709.2092;%%"
}
@Article{Alioli:2010xd,
      author         = "Alioli, Simone and Nason, Paolo and Oleari, Carlo and Re,
                        Emanuele",
      title          = "A general framework for implementing {NLO} calculations in
                        shower {M}onte {C}arlo programs: the {POWHEG} {BOX}",
      journal        = "JHEP",
      volume         = "06",
      pages          = "043",
      doi            = "10.1007/JHEP06(2010)043",
      year           = "2010",
      eprint         = "1002.2581",
      archivePrefix  = "arXiv",
      primaryClass   = "hep-ph",
      reportNumber   = "DESY-10-018, SFB-CPP-10-22, IPPP-10-11, DCPT-10-22",
      SLACcitation   = "%%CITATION = ARXIV:1002.2581;%%",
}
@article{Alioli:2008gx,
      author         = "Alioli, Simone and Nason, Paolo and Oleari, Carlo and Re,
                        Emanuele",
      title          = "{NLO vector-boson production matched with shower in
                        POWHEG}",
      journal        = "JHEP",
      volume         = "07",
      year           = "2008",
      pages          = "060",
      doi            = "10.1088/1126-6708/2008/07/060",
      eprint         = "0805.4802",
      archivePrefix  = "arXiv",
      primaryClass   = "hep-ph",
      reportNumber   = "NSF-KITP-08-74",
      SLACcitation   = "%%CITATION = ARXIV:0805.4802;%%"
}


@article{Frixione:2007nw,
      author         = "Frixione, Stefano and Nason, Paolo and Ridolfi, Giovanni",
      title          = "{A positive-weight next-to-leading-order Monte Carlo for
                        heavy flavour hadroproduction}",
      journal        = "JHEP",
      volume         = "09",
      year           = "2007",
      pages          = "126",
      doi            = "10.1088/1126-6708/2007/09/126",
      eprint         = "0707.3088",
      archivePrefix  = "arXiv",
      primaryClass   = "hep-ph",
      reportNumber   = "BICOCCA-FT-07-12, GEF-TH-19-2007",
      SLACcitation   = "%%CITATION = ARXIV:0707.3088;%%"
}
@Article{Re:2010bp,
      author         = "Re, Emanuele",
      title          = "Single-top Wt-channel production matched with parton
                        showers using the {POWHEG} method",
      journal        = "Eur. Phys. J. C",
      volume         = "71",
      pages          = "1547",
      doi            = "10.1140/epjc/s10052-011-1547-z",
      year           = "2011",
      eprint         = "1009.2450",
      archivePrefix  = "arXiv",
      primaryClass   = "hep-ph",
      reportNumber   = "IPPP-10-74, DCPT-10-148",
      SLACcitation   = "%%CITATION = ARXIV:1009.2450;%%"
}
@article{Sjostrand:2014zea,
      author         = "Sj{\"o}strand, Torbj{\"o}rn and Ask, Stefan and Christiansen,
                        Jesper R. and Corke, Richard and Desai, Nishita and Ilten,
                        Philip and Mrenna, Stephen and Prestel, Stefan and
                        Rasmussen, Christine O. and Skands, Peter Z.",
      title          = "{An Introduction to PYTHIA 8.2}",
      journal        = "Comput. Phys. Commun.",
      volume         = "191",
      year           = "2015",
      pages          = "159",
      doi            = "10.1016/j.cpc.2015.01.024",
      eprint         = "1410.3012",
      archivePrefix  = "arXiv",
      primaryClass   = "hep-ph",
      SLACcitation   = "%%CITATION = ARXIV:1410.3012;%%"
}
@article{Golonka:2005pn,
      author         = "Golonka, Piotr and Was, Zbigniew",
      title          = "{PHOTOS Monte Carlo: A Precision tool for QED corrections
                        in $Z$ and $W$ decays}",
      journal        = "Eur. Phys. J.",
      volume         = "C45",
      year           = "2006",
      pages          = "97-107",
      doi            = "10.1140/epjc/s2005-02396-4",
      eprint         = "0506026",
      archivePrefix  = "arXiv",
      primaryClass   = "hep-ph",
      reportNumber   = "IFJPAN-V-05-01, CERN-PH-TH-2005-091",
      SLACcitation   = "%%CITATION = 0506026;%%"
}
@article{Li:2012wna,
      author         = "Li, Ye and Petriello, Frank",
      title          = "Combining {QCD} and electroweak corrections to dilepton
                        production in {FEWZ}",
      journal        = "Phys. Rev. D",
      volume         = "86",
      year           = "2012",
      pages          = "094034",
      doi            = "10.1103/PhysRevD.86.094034",
      eprint         = "1208.5967",
      archivePrefix  = "arXiv",
      primaryClass   = "hep-ph"
}
@article{Manohar:2016nzj,
      author         = "Manohar, Aneesh and Nason, Paolo and Salam, Gavin P. and
                        Zanderighi, Giulia",
      title          = "{How bright is the proton? A precise determination of the
                        photon parton distribution function}",
      journal        = "Phys. Rev. Lett.",
      volume         = "117",
      year           = "2016",
      number         = "24",
      pages          = "242002",
      doi            = "10.1103/PhysRevLett.117.242002",
      eprint         = "1607.04266",
      archivePrefix  = "arXiv",
      primaryClass   = "hep-ph",
      reportNumber   = "CERN-TH-2016-155",
      SLACcitation   = "%%CITATION = ARXIV:1607.04266;%%"
}
@article{Butterworth:2015oua,
     author         = "Butterworth, Jon and others",
     title          = "{PDF4LHC recommendations for LHC Run II}",
     journal        = "J. Phys. G",
     volume         = "43",
     year           = "2016",
     pages          = "023001",
     doi            = "10.1088/0954-3899/43/2/023001",
     eprint         = "1510.03865",
     archivePrefix  = "arXiv",
     primaryClass   = "hep-ph",
     reportNumber   = "OUTP-15-17P, SMU-HEP-15-12, TIF-UNIMI-2015-14,
                       LCTS-2015-27, CERN-PH-TH-2015-249",
     SLACcitation   = "%%CITATION = ARXIV:1510.03865;%%"
}
@article{Ball:2012cx,
      author         = "Ball, Richard D. and Bertone, Valerio and Carrazza,
                        Stefano and Deans, Christopher S. and Del Debbio, Luigi
                        and Forte, Stefano and Guffanti, Alberto and Hartland, Nathan P. and Latorre,
                        Jos{\`e} I. and Rojo, Juan and Ubiali, Maria",
      title          = "{Parton distributions with LHC data}",
      journal        = "Nucl. Phys. B",
      volume         = "867",
      year           = "2013",
      pages          = "244",
      doi            = "10.1016/j.nuclphysb.2012.10.003",
      eprint         = "1207.1303",
      archivePrefix  = "arXiv",
      primaryClass   = "hep-ph",
      reportNumber   = "EDINBURGH-2012-08, IFUM-FT-997, FR-PHENO-2012-014,
                        RWTH-TTK-12-25, CERN-PH-TH-2012-037, SFB-CPP-12-47",
      SLACcitation   = "%%CITATION = ARXIV:1207.1303;%%"
}
@Article{MadGraph5,
     author        = "Alwall, J. and Frederix, R. and Frixione, S. and Hirschi, V. and Maltoni, F. and Mattelaer, O.
                      and Shao, H.-S. and Stelzer, T. and Torrielli, P. and Zaro, M.",
     title         = "The automated computation of tree-level and next-to-leading order differential cross sections
                      and their matching to parton shower simulations",
     journal       = "JHEP",
     volume        = "07",
     year          = "2014",
     pages         = "079",
     doi           = "10.1007/JHEP07(2014)079",
     eprint        = "1405.0301",
     archivePrefix = "arXiv",
     primaryClass  = "hep-ph"
}

@article{Ball:2014uwa,
      author         = "Ball, Richard D. and others",
      title          = "{Parton distributions for the LHC Run II}",
      collaboration  = "NNPDF",
      journal        = "JHEP",
      volume         = "04",
      year           = "2015",
      pages          = "040",
      doi            = "10.1007/JHEP04(2015)040",
      eprint         = "1410.8849",
      archivePrefix  = "arXiv",
      primaryClass   = "hep-ph",
      reportNumber   = "EDINBURGH-2014-15, IFUM-1034-FT, CERN-PH-TH-2013-253,
                        OUTP-14-11P, CAVENDISH-HEP-14-11",
      SLACcitation   = "%%CITATION = ARXIV:1410.8849;%%"
}
@inproceedings{Whalley:2005nh,
      author         = "Whalley, M. R. and Bourilkov, D. and Group, R. C.",
      title          = "{The Les Houches accord PDFs (LHAPDF) and LHAGLUE}",
      booktitle      = "{HERA and the LHC: A Workshop on the implications of HERA
                        for LHC physics. Proceedings, Part B}",
      year           = "2005",
      eprint         = "0508110",
      archivePrefix  = "arXiv",
      primaryClass   = "hep-ph",
      SLACcitation   = "%%CITATION = 0508110;%%"
}
@Unpublished{Bourilkov:2006cj,
    author           = "Bourilkov, D and Group, R C and Whalley, M R",
    title            = "{LHAPDF}: {PDF} use from the {T}evatron to the {LHC}",
    year             = "arXiv:0605240 (2006)",
    eprint           = "0605240",
    archivePrefix    = "arXiv",
    SLACcitation     = "%%CITATION = 0605240;%%"
}
@article{Buckley:2014ana,
      author         = "Buckley, Andy and Ferrando, James and Lloyd, Stephen and
                        Nordstrom, Karl and Page, Ben and Ruefenacht, Martin and
                        Schoenherr, Marek and Watt, Graeme",
      title          = "{LHAPDF6: parton density access in the LHC precision
                        era}",
      journal        = "Eur. Phys. J. C",
      volume         = "75",
      year           = "2015",
      pages          = "132",
      doi            = "10.1140/epjc/s10052-015-3318-8",
      eprint         = "1412.7420",
      archivePrefix  = "arXiv",
      primaryClass   = "hep-ph",
      reportNumber   = "GLAS-PPE-2014-05, MCNET-14-29, IPPP-14-111, DCPT-14-222",
      SLACcitation   = "%%CITATION = ARXIV:1412.7420;%%"
}
@article{Agostinelli:2002hh,
      author         = "Agostinelli, S. and others",
      title          = "{GEANT4: a simulation toolkit}",
      collaboration  = "GEANT4",
      journal        = "Nucl. Instrum. Meth. A",
      volume         = "506",
      year           = "2003",
      pages          = "250",
      doi            = "10.1016/S0168-9002(03)01368-8",
      reportNumber   = "SLAC-PUB-9350, FERMILAB-PUB-03-339",
      SLACcitation   = "%%CITATION = NUIMA,A506,250;%%"
}
@Article{CMS-AN-2016-404,
      author         = "{B. Clerbaux at al.}",
      title          = "{Search for high mass dielectron resonances with the full 2016 data}",
      journal        = "CMS Notes",
      volume         = "CMS AN-2016-404",
      year           = "2017"
}
@Article{CMS-AN-2009-111,
      author         = "{The CMS Collaboration}",
      title          = "{Generic Tag and Probe Tool for Measuring Efficiency at CMS with Early Data}",
      journal        = "CMS Notes",
      volume         = "CMS AN-2009-111",
      year           = "2009"
}
@Article{CMS-AN-2015-222,
      author         = "{B. Clerbaux et al.}",
      title          = "{Dielectron resonance search in Run 2 at $\sqrt{s} =13$~TeV~pp collisions}",
      journal        = "CMS Notes",
      volume         = "CMS AN-2015-222",
      year           = "2015"
}
@misc{crosssecTwiki,
author="CMS cross-sections twiki page",
  note="\\ \tt https://twiki.cern.ch/twiki/bin/view/CMS/StandardModelCrossSectionsat13TeV?rev=24",
}
@TECHREPORT{AN-16-053,
     AUTHOR       = "Bourilkov, D. and Daskalakis, G.",
     TITLE        = "PDF Uncertainties for Z$^\prime$ searches at 13 TeV with Electron Pair or Muon Pair Final States",
     TYPE      = "CMS Note",
     institution   = "CERN",
     NUMBER       = "2016/053",
     YEAR         = "2016"
}
@Article{ CMS-AN-2016-391,
     AUTHOR       = "Abbiendi et al.",
     TITLE        = "Search for High-Mass Resonances Decaying to Muon Pairs in pp Collisions at $\sqrt{s} = 13$ TeV with the full 2016 data set of 37 \invfb and combination with 2015 result",
     journal      = "CMS Notes",
     NUMBER       = "CMS-AN-2016-391",
     YEAR         = "2016"
}
@Article{CMS-AN-2016-190,
      author         = "{B. Clerbaux et al.}",
      title          = "{Search for High Mass Di-Electron Resonances with 2016 Data}",
      journal        = "CMS Notes",
      volume         = "CMS AN-2016-190",
      year           = "2016"
}
@TECHREPORT{ CMS-AN-16-307,
     AUTHOR      = "Folgueras, S. and Neumeister, N. and Schulte, J.-F.",
     TITLE       = "Statistical Analysis for a Search for a Narrow Resonance",
     TYPE        = "CMS Note",
     institution   = "CERN",
     NUMBER      = "2016/307",
     YEAR        = "2016"
}
@Article{StatsPaper,
      author         = "{S. Schmitz et al.}",
      title          = "Statistical Inference in a Search for a Narrow Resonance",
      journal        = "CMS Notes",
      volume         = "CMS-AN-2012-185",
      year           = "2012"
}
@Article{StatsWorkshop,
      author         = "{V. Giakoumopoulou et al.}",
      title          = "$\mathrm{Z}^{'}$ stats meeting",
      journal        = "CMS Indico Pages",
      url         = "https://indico.cern.ch/event/387187/",
      year           = "2015"
}

@article{Metropolis,
   author = "Metropolis, Nicholas and Rosenbluth, Arianna W. and Rosenbluth, Marshall N. and Teller, Augusta H. and Teller, Edward",
   title = "Equation of State Calculations by Fast Computing Machines",
   journal = "The Journal of Chemical Physics",
   year = "1953",
   volume = "21",
   number = "6", 
   pages = "1087-1092",
   url = "http://scitation.aip.org/content/aip/journal/jcp/21/6/10.1063/1.1699114",
   doi = "http://dx.doi.org/10.1063/1.1699114" 
}
@article{HASTINGS01041970,
author = {Hastings, W. K.}, 
title = {Monte Carlo sampling methods using Markov chains and their applications},
volume = {57}, 
number = {1}, 
pages = {97-109}, 
year = {1970}, 
doi = {10.1093/biomet/57.1.97}, 
abstract ={SUMMARY }, 
URL = {http://biomet.oxfordjournals.org/content/57/1/97.abstract}, 
eprint = {http://biomet.oxfordjournals.org/content/57/1/97.full.pdf+html}, 
journal = {Biometrika} 
}

%%%%%%%%%%%%%%%%%%%%%%%%%%%%%%PIPPONE%%%%%%%%%%%%%%%%%%%%%%%%%%%%%%%%%%%%%%%%%
@article{Accomando:2013sfa,
      author         = "Accomando, Elena and Becciolini, Diego and Belyaev,
                        Alexander and Moretti, Stefano and
                        Shepherd-Themistocleous, Claire",
      title          = "{$\mathrm{Z}^{'}$ at the LHC: Interference and Finite Width Effects in
                        Drell-Yan}",
      journal        = "JHEP",
      volume         = "10",
      year           = "2013",
      pages          = "153",
      doi            = "10.1007/JHEP10(2013)153",
      eprint         = "1304.6700",
      archivePrefix  = "arXiv",
      primaryClass   = "hep-ph",
      reportNumber   = "CP3-ORIGINS-2013-013-DNRF90, DIAS-2013-13, SHEP-13-02",
      SLACcitation   = "%%CITATION = ARXIV:1304.6700;%%"                                                                                                                        
}
@article{Landau,
  title = {The moment of a 2-photon system},
  author = {Landau, L. D.},
  journal = {Dokl. Akad. Nauk SSSR},
  volume = {60},
  pages = {207},
  year = {1948},
}
@article{PhysRev.77.242,
  title = {Selection Rules for the Dematerialization of a Particle into Two Photons},
  author = {Yang, C. N.},
  journal = {Phys. Rev.},
  volume = {77},
  pages = {242},
  year = {1950},
  publisher = {American Physical Society},
  doi = {10.1103/PhysRev.77.242},
}
@unpublished{Craig:2013hca,
      author         = "Craig, Nathaniel and Galloway, Jamison and Thomas, Scott",
      title          = "{Searching for signs of the second Higgs doublet}",
      year           = "arXiv:1305.2424 (2013)",
      eprint         = "1305.2424",
      archivePrefix  = "arXiv",
      primaryClass   = "hep-ph",
      reportNumber   = "RU-NHETC-2013-07",
 }

@Article{ATLAS-CONF-2015-081,
      title         = "{Search for resonances decaying to photon pairs in 3.2
                       fb$^{-1}$ of pp collisions at $\sqrt{s}$ = 13 TeV with
                       the ATLAS detector}",
author="The ATLAS Collaboration",
journal="ATLAS Conference Notes",
      volume        = "ATLAS-CONF-2015-081",
      year          = "2015",
      url           = "http://cds.cern.ch/record/2114853",
}
@Article{CMS-PAS-EXO-16-018,
      AUTHOR      = "{The CMS Collaboration}",
      COLLABORATION = "CMS",
      TITLE       = "{Search for new physics in high mass diphoton events in 3.3 \invfb of proton-proton collisions at $\sqrt{s} = 13$ TeV and combined interpretation of searches at 8 TeV and 13 TeV}",
      URL         = "https://cds.cern.ch/record/2139899",
      journal        = "CMS Physics Analysis Summaries",
      volume     = "CMS-PAS-EXO-16-018",
      YEAR        = "2016"
}
@article{Gleisberg:2008ta,
      author         = "Gleisberg, T. and Hoeche, Stefan. and Krauss, F. and
                        Schonherr, M. and Schumann, S. and Siegert, F. and Winter,
                        J.",
      title          = "{Event generation with SHERPA 1.1}",
      journal        = "JHEP",
      volume         = "02",
      year           = "2009",
      pages          = "007",
      doi            = "10.1088/1126-6708/2009/02/007",
      eprint         = "0811.4622",
      archivePrefix  = "arXiv",
      primaryClass   = "hep-ph",
      reportNumber   = "FERMILAB-PUB-08-477-T, SLAC-PUB-13420, ZU-TH-17-08,
                        DCPT-08-138, IPPP-08-69, EDINBURGH-2008-30, MCNET-08-14",
      SLACcitation   = "%%CITATION = ARXIV:0811.4622;%%"
}
@article{Alwall:2014hca,
      author         = "Alwall, J. and Frederix, R. and Frixione, S. and Hirschi,
                        V. and Maltoni, F. and Mattelaer, O. and Shao, H. -S. and
                        Stelzer, T. and Torrielli, P. and Zaro, M.",
      title          = "{The automated computation of tree-level and
                        next-to-leading order differential cross sections, and
                        their matching to parton shower simulations}",
      journal        = "JHEP",
      volume         = "07",
      year           = "2014",
      pages          = "079",
      doi            = "10.1007/JHEP07(2014)079",
      eprint         = "1405.0301",
      archivePrefix  = "arXiv",
      primaryClass   = "hep-ph",
      reportNumber   = "CERN-PH-TH-2014-064, CP3-14-18, LPN14-066, MCNET-14-09,
                        ZU-TH-14-14",
      SLACcitation   = "%%CITATION = ARXIV:1405.0301;%%"
}
@Article{AN-16-167,
     AUTHOR       = "The CMS Diphoton working group",
     TITLE        = "Search for new physics in the diphoton spectrum at high mass at 13 TeV with 2016 data",
     journal         = "CMS Notes",
     NUMBER       = "CMS-AN-2016-167",
     YEAR         = "2016"
}
@Article{AN-13-253,
    author = "{The CMS Hgg working group}",
    title = "Measurements of the {Higgs} boson at 125 {GeV} in the two photon decay channel in the Full {LHC} Run 1 Data at {CMS}",
    journal = "CMS Notes",
    volume = "CMS-AN-2013-253",
    year = "2013"
}
@Article{Cacciari2012,
author="Cacciari, Matteo
and Salam, Gavin P.
and Soyez, Gregory",
title="FastJet user manual",
journal="The European Physical Journal C",
year="2012",
volume="72",
number="3",
pages="1896",
issn="1434-6052",
doi="10.1140/epjc/s10052-012-1896-2",
url="http://dx.doi.org/10.1140/epjc/s10052-012-1896-2"
}
@Article{AN-15-241,
    author = "{The CMS Diphoton working group}",
    title = "Early search for new physics in the diphoton spectrum at high mass at 13 TeV",
    journal = "CMS Notes",
    volume = "CMS-AN-2015-241",
    year = "2015"
}
@Article{AN-16-079,
     AUTHOR       = "The CMS Diphoton working group",
     TITLE        = "Update on the search for new physics in the diphoton spectrum at high mass at 13 TeV",
     journal         = "CMS Notes",
     volume       = "CMS-AN-2016-079",
     YEAR         = "2016"}
@Article{CMS_AN_2016-209,
  author = {The CMS Hgg working group},
  title = {H$\rightarrow \gamma \gamma$ measurements at $\sqrt{s}$=13 TeV using 2016 data},
  journal = {CMS Notes},
  volume = {CMS-AN-2016-209},
  year = {2016}
}
@article{Khachatryan:2014ira,
      author         = "The CMS Collaboration",
      title          = "{Observation of the diphoton decay of the Higgs boson and
                        measurement of its properties}",
      journal        = "Eur. Phys. J.",
      volume         = "C74",
      year           = "2014",
      number         = "10",
      pages          = "3076",
      doi            = "10.1140/epjc/s10052-014-3076-z",
      eprint         = "1407.0558",
      archivePrefix  = "arXiv",
      primaryClass   = "hep-ex",
      reportNumber   = "CMS-HIG-13-001, CERN-PH-EP-2014-117",
      SLACcitation   = "%%CITATION = ARXIV:1407.0558;%%"
}
@Article{CMS-PAS-EXO-16-027,
      title         = "{Search for resonant production of high mass photon pairs
                       using $12.9\,\mathrm{fb^{-1}}$ of proton-proton collisions
                       at $\sqrt{s} = 13~\mathrm{TeV}$ and combined interpretation
                       of searches at 8 and 13 TeV}",
author="The CMS Collaboration",
journal="CMS Physics Analysis Summaries",
      volume        = "CMS-PAS-EXO-16-027",
      year          = "2016",
      url           = "http://cds.cern.ch/record/2205245",
}
@ARTICLE{Baak:2015,
  author = {Baak, M and Gadatsch, S. and Harrington, R. and Verkerke, W},
  title = {Interpolation between multi-dimensional histograms using a new non-linear moment morphing method},
  journal = {Nucl. Instrum. Meth. A},
  year = {2015},
  volume = {771},
  pages = {39},
  eprint = "1410.7388",
  archiveprefix = {arXiv},
  doi = {10.1016/j.nima.2014.10.033},
  primaryclass = {}
}
@Techreport{ATLAS:1379837,
    author = "{The ATLAS and CMS Collaborations, LHC Higgs Combination Group}",
    title = "Procedure for the {LHC} Higgs boson search combination in {S}ummer 2011",
    url = "http://cdsweb.cern.ch/record/1379837",
    type = "ATL-PHYS-PUB/CMS NOTE",
    number = "2011-11, 2011/005",
    year = "2011"
}
@article{Cowan:2010js,
      author         = "Cowan, Glen and Cranmer, Kyle and Gross, Eilam and
                        Vitells, Ofer",
      title          = "{Asymptotic formulae for likelihood-based tests of new
                        physics}",
      journal        = "Eur.Phys.J.",
      volume         = "C71",
      pages          = "1554",
      doi            = "10.1140/epjc/s10052-011-1554-0,
                        10.1140/epjc/s10052-013-2501-z",
      year           = "2011",
      eprint         = "1007.1727",
      archivePrefix  = "arXiv",
      primaryClass   = "physics.data-an",
      SLACcitation   = "%%CITATION = ARXIV:1007.1727;%%",
}
@article{cls,
  author={A L Read},
  title={Presentation of search results: the CLs technique},
  journal={Journal of Physics G: Nuclear and Particle Physics},
  volume={28},
  number={10},
  pages={2693},
  url={http://stacks.iop.org/0954-3899/28/i=10/a=313},
  year={2002},
 
}

@article{Giudice:1998ck,
      author         = "Giudice, Gian F. and Rattazzi, Riccardo and Wells, James
                        D.",
      title          = "{Quantum gravity and extra dimensions at high-energy
                        colliders}",
      journal        = "Nucl. Phys.",
      volume         = "B544",
      year           = "1999",
      pages          = "3-38",
      doi            = "10.1016/S0550-3213(99)00044-9",
      eprint         = "9811291",
      archivePrefix  = "arXiv",
      primaryClass   = "hep-ph",
      reportNumber   = "CERN-TH-98-354",
      SLACcitation   = "%%CITATION = 9811291;%%"
}

@article{Mirabelli:1998rt,
      author         = "Mirabelli, Eugene A. and Perelstein, Maxim and Peskin,
                        Michael E.",
      title          = "{Collider signatures of new large space dimensions}",
      journal        = "Phys. Rev. Lett.",
      volume         = "82",
      year           = "1999",
      pages          = "2236-2239",
      doi            = "10.1103/PhysRevLett.82.2236",
      eprint         = "9811337",
      archivePrefix  = "arXiv",
      primaryClass   = "hep-ph",
      reportNumber   = "SLAC-PUB-8002",
      SLACcitation   = "%%CITATION = 9811337;%%"
}
@article{Han:1998sg,
      author         = "Han, Tao and Lykken, Joseph D. and Zhang, Ren-Jie",
      title          = "{On Kaluza-Klein states from large extra dimensions}",
      journal        = "Phys. Rev.",
      volume         = "D59",
      year           = "1999",
      pages          = "105006",
      doi            = "10.1103/PhysRevD.59.105006",
      eprint         = "9811350",
      archivePrefix  = "arXiv",
      primaryClass   = "hep-ph",
      reportNumber   = "MADPH-98-1092, FERMILAB-PUB-98-364",
      SLACcitation   = "%%CITATION = 9811350;%%"
}
@article{Hewett:1998sn,
      author         = "Hewett, JoAnne L.",
      title          = "{Indirect collider signals for extra dimensions}",
      journal        = "Phys. Rev. Lett.",
      volume         = "82",
      year           = "1999",
      pages          = "4765-4768",
      doi            = "10.1103/PhysRevLett.82.4765",
      eprint         = "9811356",
      archivePrefix  = "arXiv",
      primaryClass   = "hep-ph",
      reportNumber   = "SLAC-PUB-8001",
      SLACcitation   = "%%CITATION = 9811356;%%"
}
@article{Davoudiasl:1999jd,
      author         = "Davoudiasl, H. and Hewett, J. L. and Rizzo, T. G.",
      title          = "{Phenomenology of the Randall-Sundrum Gauge Hierarchy Model}",
      journal        = "Phys. Rev. Lett.",
      volume         = "84",
      year           = "2000",
      pages          = "2080",
      doi            = "10.1103/PhysRevLett.84.2080",
      eprint         = "9909255",
      archivePrefix  = "arXiv",
      primaryClass   = "hep-ph",
      reportNumber   = "SLAC-PUB-8241",
      SLACcitation   = "%%CITATION = 9909255;%%"
}

@Article{AN-16-094,
     AUTHOR       = "The CMS Diphoton working group",
     TITLE        = "Updated combination of the results at $\sqrt{s}=8$ TeV and 13 TeV in the search for exotic production of di-photon pairs",
     journal         = "CMS Notes",
     volume       = "CMS-AN-2016-094",
     YEAR         = "2016"
}
@article{Cowan_book,
      author         = "Glen Cowan", 
      title          = "{Statistical Data Analysis}",
      volume         = "Oxford Science Publications",
      year           = "1998",
}
@Article{AN-16-191,
    author = "Anderson, D. and Bendavid. J and Pe\~na, C. and Xie, S. and Zhang, Z. ",
    title = "Search for High Mass Diphoton Resonances at 13 TeV using the 2015 dataset",
    journal = "CMS Notes",
    volume = "CMS AN-2016-191",
    year = "2016"
}
%%%%%FINE DELLE CITAZIONI
